<record><leader>00000cas a22000007a 4500</leader><controlfield tag="001">11864456</controlfield><controlfield tag="008">850329d18661867njuwr ne      0    0eng d</controlfield><datafield ind1=" " ind2=" " tag="010"><subfield code="a">sn 85035539 </subfield></datafield><datafield ind1=" " ind2=" " tag="040"><subfield code="a">NPA</subfield><subfield code="b">eng</subfield><subfield code="c">NPA</subfield><subfield code="d">NJW</subfield><subfield code="d">NYS</subfield><subfield code="d">OCLCQ</subfield></datafield><datafield ind1=" " ind2=" " tag="042"><subfield code="a">msc</subfield></datafield><datafield ind1="0" ind2="0" tag="245"><subfield code="a">Belvidere intelligencer and Warren County Republican.</subfield></datafield><datafield ind1="3" ind2="0" tag="246"><subfield code="a">Warren County Republican</subfield></datafield><datafield ind1=" " ind2=" " tag="260"><subfield code="a">Belvidere, N.J. :</subfield><subfield code="b">A.J. Shampanore,</subfield><subfield code="c">-1867.</subfield></datafield><datafield ind1=" " ind2=" " tag="300"><subfield code="a">v. :</subfield><subfield code="b">ill. (chiefly advertisements)</subfield></datafield><datafield ind1=" " ind2=" " tag="310"><subfield code="a">Weekly</subfield></datafield><datafield ind1="1" ind2=" " tag="362"><subfield code="a">Began in Jan. 1866.</subfield></datafield><datafield ind1="0" ind2=" " tag="362"><subfield code="a">-n.s., v. 2, no. 25 (June 28, 1867).</subfield></datafield><datafield ind1=" " ind2=" " tag="500"><subfield code="a">Published by William Burgess, &lt;Apr. 12&gt;-June 28, 1867.</subfield></datafield><datafield ind1=" " ind2=" " tag="515"><subfield code="a">Numbering irregularities.</subfield></datafield><datafield ind1=" " ind2=" " tag="530"><subfield code="a">Also issued on microfilm as part of the Civil War newspapers collection.</subfield></datafield><datafield ind1=" " ind2=" " tag="588"><subfield code="a">Description based on: New ser., v. 1, no. 2 (Jan. 19, 1866).</subfield></datafield><datafield ind1=" " ind2=" " tag="752"><subfield code="a">United States</subfield><subfield code="b">New Jersey</subfield><subfield code="c">Warren</subfield><subfield code="d">Belvidere.</subfield></datafield><datafield ind1="0" ind2="0" tag="780"><subfield code="t">Belvidere intelligencer (Belvidere, N.J. : 1850)</subfield><subfield code="w">(DLC)sn 85035538</subfield><subfield code="w">(OCoLC)11864448</subfield></datafield><datafield ind1="0" ind2="0" tag="785"><subfield code="t">Belvidere intelligencer (Belvidere, N.J. : 1867)</subfield><subfield code="w">(DLC)sn 85035540</subfield><subfield code="w">(OCoLC)11864458</subfield></datafield></record>